<?xml version="1.0" encoding="UTF-8"?><record xmlns="http://www.loc.gov/MARC21/slim" xmlns:cinclude="http://apache.org/cocoon/include/1.0" xmlns:zs="http://www.loc.gov/zing/srw/">
  <leader>00482nz  a2200145n  4500</leader>
  <controlfield tag="001">no2009022340</controlfield>
  <controlfield tag="003">DLC</controlfield>
  <controlfield tag="005">20090215082217.0</controlfield>
  <controlfield tag="008">090213n| acannaabn          |n aaa     c</controlfield>
  <datafield tag="010" ind1=" " ind2=" ">
    <subfield code="a">no2009022340</subfield>
  </datafield>
  <datafield tag="035" ind1=" " ind2=" ">
    <subfield code="a">(OCoLC)oca08014167</subfield>
  </datafield>
  <datafield tag="040" ind1=" " ind2=" ">
    <subfield code="a">ICIU</subfield>
    <subfield code="b">eng</subfield>
    <subfield code="c">ICIU</subfield>
  </datafield>
  <datafield tag="100" ind1="1" ind2=" ">
    <subfield code="a">Wanselius, Bengt,</subfield>
    <subfield code="d">1944-</subfield>
  </datafield>
  <datafield tag="670" ind1=" " ind2=" ">
    <subfield code="a">The Ingmar Bergman archives, c2008:</subfield>
    <subfield code="b">t.p. (Bengt Wanselius)</subfield>
  </datafield>
  <datafield tag="670" ind1=" " ind2=" ">
    <subfield code="a">Web site for wanselius.com/bengt.swf, Feb. 13, 2009</subfield>
    <subfield code="b">(Bengt Wanselius, b. 1944, near Stockholm, Sweden)</subfield>
  </datafield>
</record>